@article{SurveyofDICOMViewer,
    author  = "Daniel Haak, Charles-E. Page, Thomas M. Deserno",
    title   = "A Survey of DICOM Viewer Software to Integrate Clinical Research and Medical Imaging",
    year    = "2016",
    journal = "J Digit Imaging",
    volume  = "29",
    pages   = "206--215",
    doi = {10.1007/s10278-015-9833-1},
}